<record><leader>00000cas a22000007a 4500</leader><controlfield tag="001">18806663</controlfield><controlfield tag="008">881128d19uu1917mouwr ne      0    0eng d</controlfield><datafield ind1=" " ind2=" " tag="010"><subfield code="a">sn 88068111 </subfield></datafield><datafield ind1=" " ind2=" " tag="040"><subfield code="a">MQN</subfield><subfield code="b">eng</subfield><subfield code="c">MQN</subfield><subfield code="d">OCLCQ</subfield></datafield><datafield ind1=" " ind2=" " tag="042"><subfield code="a">msc</subfield></datafield><datafield ind1="0" ind2=" " tag="130"><subfield code="a">Ozark news (Thayer, Mo.)</subfield></datafield><datafield ind1="1" ind2="4" tag="245"><subfield code="a">The Ozark news.</subfield></datafield><datafield ind1=" " ind2=" " tag="260"><subfield code="a">Thayer, Mo. :</subfield><subfield code="b">E.J. Black</subfield></datafield><datafield ind1=" " ind2=" " tag="300"><subfield code="a">v.</subfield></datafield><datafield ind1=" " ind2=" " tag="310"><subfield code="a">Weekly</subfield></datafield><datafield ind1="1" ind2=" " tag="362"><subfield code="a">Began in 1900? Ceased in 1917.</subfield></datafield><datafield ind1=" " ind2=" " tag="588"><subfield code="a">Description based on: Vol. 17, no. 29 (Jan 5, 1917).</subfield></datafield><datafield ind1=" " ind2=" " tag="752"><subfield code="a">United States</subfield><subfield code="b">Missouri</subfield><subfield code="c">Oregon</subfield><subfield code="d">Thayer.</subfield></datafield><datafield ind1="0" ind2="0" tag="785"><subfield code="t">Thayer news (Thayer, Mo.)</subfield><subfield code="w">(DLC)sn 88068110</subfield></datafield></record>